@misc{bubolo,
    author = {Bubulo, Michael},
    title = {The Dynamics of the Logistic Map and Difference Equations},
    year = {2018},
    note = {Course project report, Sacred Heart University}}

@article{boeing,
    author = {Boeing, Geoff},
    title = {Visual Analysis of Nonlinear Dynamical Systems: Chaos, Fractals, Self-Similarity and the Limits of Prediction},
    journal = {Systems},
    year = {2016},
    volume = {4},
    pages = {37},
    publisher = {MDPI},
    doi = {https://www.mdpi.com/2079-8954/4/4/37},
    note = {Department of City and Regional Planning, University of California, Berkeley}
}