%references

@book{abramowitz_stegun,
  title={Handbook of Mathematical Functions with Formulas, Graphs, and Mathematical Tables},
  author={Abramowitz, M. and Stegun, I. A.},
  year={1972},
  publisher={Dover Publications},
  address={New York}
}